@misc{belcher2009writing,
	author = {Belcher, Wendy Laura},
	publisher = {Sage},
	address = {Thousands Oaks, CA},
	title = {{Writing your journal article in twelve weeks: A guide to academic publishing success}},
	year = {2009},
	note = {\url{http://wendybelcher.com/writing-advice/writing-your-journal-article-in-twelve/}}
}

